@BOOK{rudin,
  TITLE     = {Principles of Mathematical Analysis},
  AUTHOR    = {Walter Rudin},
  YEAR      = {1976},
  PUBLISHER = {McGraw Hill},
  EDITION   = {3}
}
